@article{bartlett1932remembering,
  title={Remembering: A study in experimental and social psychology.},
  author={Bartlett, Frederic Charles},
  year={1932},
  publisher={Cambridge University Press}
}

@article{kirby2007innateness,
    title={Innateness and culture in the evolution of language},
    author={Kirby, Simon and Dowman, Mike and Griffiths, Thomas L},
    journal={Proceedings of the National Academy of Sciences},
    volume={104},
    number={12},
    pages={5241--5245},
    year={2007},
    publisher={National Acad Sciences}
}

@inproceedings{griffiths2005bayesian,
    title={A Bayesian view of language evolution by iterated learning},
    author={Griffiths, Thomas L and Kalish, Michael L},
    booktitle={Proceedings of the 27th annual conference of the cognitive science society},
    pages={827--832},
    year={2005}
}

@article{kalish2007iterated,
    title={Iterated learning: Intergenerational knowledge transmission reveals inductive biases},
    author={Kalish, Michael L and Griffiths, Thomas L and Lewandowsky, Stephan},
    journal={Psychonomic Bulletin \& Review},
    volume={14},
    number={2},
    pages={288--294},
    year={2007},
    publisher={Springer}
}

@inproceedings{ferdinand2009thomas,
    title={Thomas’ theorem meets Bayes’ rule: a model of the iterated learning of language},
    author={Ferdinand, Vanessa and Zuidema, Willem},
    booktitle={Proceedings of the 31st Annual Conference of the Cognitive Science Society},
    pages={1786--1791},
    year={2009},
    organization={Cognitive Science Society Austin, TX}
}

@article{burkett2010iterated,
    title={Iterated learning of multiple languages from multiple teachers},
    author={Burkett, David and Griffiths, Thomas L},
    journal={The evolution of language: Proceedings of evolang},
    pages={58--65},
    year={2010}
}

@incollection{kirby2002emergence,
    title={The emergence of linguistic structure: An overview of the iterated learning model},
    author={Kirby, Simon and Hurford, James R},
    booktitle={Simulating the evolution of language},
    pages={121--147},
    year={2002},
    publisher={Springer}
}

@article{perfors2011tutorial,
    title={A tutorial introduction to Bayesian models of cognitive development},
    author={Perfors, Amy and Tenenbaum, Joshua B and Griffiths, Thomas L and Xu, Fei},
    journal={Cognition},
    volume={120},
    number={3},
    pages={302--321},
    year={2011},
    publisher={Elsevier}
}

@article{griffiths2007language,
    title={Language evolution by iterated learning with Bayesian agents},
    author={Griffiths, Thomas L and Kalish, Michael L},
    journal={Cognitive Science},
    volume={31},
    number={3},
    pages={441--480},
    year={2007},
    publisher={Wiley Online Library}
}

@inproceedings{smith2009iterated,
    title={Iterated learning in populations of Bayesian agents},
    author={Smith, Kenny},
    booktitle={Proceedings of the 31st annual conference of the cognitive science society},
    pages={697--702},
    year={2009},
    organization={Citeseer}
}

@article{ferdinand2008language,
    title={Language adapting to the brain: a study of a Bayesian iterated learning model},
    author={Ferdinand, Vanessa and Zuidema, Willem},
    year={2008}
}

@article{pinker1990natural,
    title={Natural language and natural selection},
    author={Pinker, Steven and Bloom, Paul},
    journal={Behavioral and brain sciences},
    volume={13},
    number={04},
    pages={707--727},
    year={1990},
    publisher={Cambridge Univ Press}
}

@article{marcus2013robust,
  title={How robust are probabilistic models of higher-level cognition?},
  author={Marcus, Gary F and Davis, Ernest},
  journal={Psychological science},
  volume={24},
  number={12},
  pages={2351--2360},
  year={2013},
  publisher={Sage Publications}
}